@ONLINE{spring,
  publisher = {VMware, Inc.},
  title     = {Spring Framework},
  date      = {1996/2022},
  url       = {https://spring.io/projects/spring-framework},
  urldate   = {2022-03-09},
  location  = {Brno},
  langid    = {english}
}

@MASTERSTHESIS{drobnakm,
  type        = {Bachelor's thesis},
  author      = {Drobnak, Michal},
  title       = {Responzívny frontend pre službu CESNET Meetings},
  date        = {2022},
  institution = {Masaryk University},
  langid      = {slovak},
}

@MASTERSTHESIS{pavelka2016shongo,
  title       = {Interdoménové rozšíření rezervačního systému Shongo},
  author      = {Pavelka, Bc. Ondřej},
  date        = {2016},
  institution = {Masaryk University},
  langid      = {czech}
}

@MASTERSTHESIS{perichta2020,
  title       = {Redesign a reimplementácia rezervačného systému Shongo},
  author      = {Perichta, Bc. Marek},
  date        = {2020},
  institution = {Masaryk University},
  langid      = {slovak}
}

@ONLINE{shongo,
  publisher = {CESNET, z. s. p. o.},
  title     = {Shongo},
  date      = {2018},
  url       = {https://shongo.cesnet.cz/},
  urldate   = {2022-03-09},
  location  = {Brno},
  langid    = {english}
}

@ONLINE{cesnet,
  publisher = {CESNET, z. s. p. o.},
  title     = {CESNET},
  date      = {2022},
  url       = {https://www.cesnet.cz/sdruzeni/},
  urldate   = {2022-03-09},
  location  = {Brno},
  langid    = {czech}
}

@BOOK{walls2022spring,
  title={Spring in action},
  author={Walls, Craig},
  year={2022},
  publisher={Simon and Schuster}
}

@ONLINE{shongoapi,
  author    = {Šrom, Martin and Holub, Petr and Růžička, Jan and Liška, Miloš and Pavelka, Ondřej and Novakov, Ivan},
  publisher = {CESNET, z. s. p. o.},
  title     = {Shongo API},
  date      = {2013},
  url       = {https://github.com/shongo/shongo/blob/master/shongo-doc/shongo/api/api.pdf},
  urldate   = {2022-03-09},
  location  = {Brno},
  langid    = {czech}
}

@ARTICLE{eduid,
  title     = {Czech academic identity federation},
  url       = {https://www.eduid.cz/},
  date      = {2017},
  urldate   = {2022-03-09},
  langid    = {english}
}

@PHDTHESIS{fielding2000rest,
  author      = {Fielding, Roy Thomas},
  title       = {Architectural Styles and the Design of Network-based Software Architectures},
  date        = {2000},
  institution = {University of California, Irvine},
  location    = {Irvine},
  url         = {https://www.ics.uci.edu/~fielding/pubs/dissertation/top.htm},
  urldate     = {2022-03-09},
  langid      = {english}
}

@ARTICLE{ibmrest,
  title     = {REST APIs},
  url       = {https://www.ibm.com/cloud/learn/rest-apis/},
  date      = {2021},
  urldate   = {2022-03-09},
  langid    = {english}
}

@ONLINE{springdocumentation,
  publisher = {VMware. Inc.},
  title     = {Spring Framework 5.3.19 API},
  date      = {2022},
  url       = {https://docs.spring.io/spring-framework/docs/current/javadoc-api/},
  langid    = {english}
}

@ONLINE{springdoc,
  author    = {Nasslahsen, Badr},
  title     = {Springdoc-openapi documentation},
  date      = {2021},
  url       = {https://springdoc.org/},
  langid    = {english}
}

@ONLINE{swagger,
  publisher = {SmartBear Software},
  title     = {Swagger},
  date      = {2021},
  url       = {https://swagger.io/tools/swagger-ui/},
  langid    = {english}
}

@ONLINE{lombok,
  publisher = {Project Lombok},
  title     = {Project Lombok},
  date      = {2022},
  url       = {https://projectlombok.org/},
  langid    = {english}
}

@ONLINE{openapi,
  publisher = {SmartBear Software},
  title     = {OpenAPI Specification},
  date      = {2022},
  url       = {https://swagger.io/specification/},
  langid    = {english}
}